%
%  An example of a bibliographical database for bibTeX
%
%  Recommended software for maintenance of *.bib files:
%    JabRef, http://jabref.sourceforge.net/
%
%  BEWARE:
%
%    *  If a name contains a capital letter, which must be kept such,
%       use curly brackets ({T}hailand, {HIV}).
%
%  ===========================================================================

@inproceedings{ulbricht2006verification,
	title={Verification of physically based rendering algorithms},
	author={Ulbricht, Christiane and Wilkie, Alexander and Purgathofer, Werner},
	booktitle={Computer Graphics Forum},
	volume={25},
	number={2},
	pages={237--255},
	year={2006},
	organization={Wiley Online Library}
}

@book{pharr2016physically,
	title={Physically based rendering: From theory to implementation},
	author={Pharr, Matt and Jakob, Wenzel and Humphreys, Greg},
	year={2016},
	publisher={Morgan Kaufmann}
}

@article{nimier2019mitsuba,
	title={Mitsuba 2: A retargetable forward and inverse renderer},
	author={Nimier-David, Merlin and Vicini, Delio and Zeltner, Tizian and Jakob, Wenzel},
	journal={ACM Transactions on Graphics (TOG)},
	volume={38},
	number={6},
	pages={1--17},
	year={2019},
	publisher={ACM New York, NY, USA}
}

@book{wyszecki1982color,
	title={Color science},
	author={Wyszecki, Gunter and Stiles, Walter Stanley},
	volume={8},
	year={1982},
	publisher={Wiley New York}
}

@inproceedings{kajiya1986rendering,
	title={The rendering equation},
	author={Kajiya, James T},
	booktitle={Proceedings of the 13th annual conference on Computer graphics and interactive techniques},
	pages={143--150},
	year={1986}
}

@misc{mitsubaWeb,
	title = {Mitsuba2 Documentation},
	author={Mitsuba},
	howpublished = {\url{https://mitsuba2.readthedocs.io/en/latest/}},
	note = {Accessed: 2020-6-7}
}

@article{christensen2016path,
	title={The path to path-traced movies},
	author={Christensen, Per H and Jarosz, Wojciech},
	journal={Foundations and Trends{\textregistered} in Computer Graphics and Vision},
	volume={10},
	number={2},
	pages={103--175},
	year={2016},
	publisher={Now Publishers Inc. Hanover, MA, USA}
}

@article{nicodemus1965directional,
	title={Directional reflectance and emissivity of an opaque surface},
	author={Nicodemus, Fred E},
	journal={Applied optics},
	volume={4},
	number={7},
	pages={767--775},
	year={1965},
	publisher={Optical Society of America}
}

@inproceedings{duvenhage2013numerical,
	title={Numerical verification of bidirectional reflectance distribution functions for physical plausibility},
	author={Duvenhage, Bernardt and Bouatouch, Kadi and Kourie, Derrick G},
	booktitle={Proceedings of the South African Institute for Computer Scientists and Information Technologists Conference},
	pages={200--208},
	year={2013}
}

@article{caflisch1998monte,
	title={Monte carlo and quasi-monte carlo methods},
	author={Caflisch, Russel E and others},
	journal={Acta numerica},
	volume={1998},
	pages={1--49},
	year={1998},
	publisher={Cambridge University Press}
}

@book{glassner1989introduction,
	title={An introduction to ray tracing},
	author={Glassner, Andrew S},
	year={1989},
	publisher={Elsevier}
}

@book{jensen2001realistic,
	title={Realistic image synthesis using photon mapping},
	author={Jensen, Henrik Wann},
	year={2001},
	publisher={AK Peters/CRC Press}
}

@article{sillion1994radiosity,
	title={Radiosity \& global illumination},
	author={Sillion, Francois X and Peuch, Claude},
	year={1994},
	publisher={CUMINCAD}
}

@article{barbrow1964international,
	title={International lighting vocabulary},
	author={Barbrow, LE},
	journal={Journal of the SMPTE},
	volume={73},
	number={4},
	pages={331--332},
	year={1964},
	publisher={SMPTE}
}

@article{sliney2016light,
	title={What is light? The visible spectrum and beyond},
	author={Sliney, DH},
	journal={Eye},
	volume={30},
	number={2},
	pages={222--229},
	year={2016},
	publisher={Nature Publishing Group}
}

@misc{colorScienceSlides,
	title = {CGG Course: Introduction to the Color Science},
	author={Wilkie, Alexander},
	howpublished = {\url{https://cgg.mff.cuni.cz/~wilkie/Website/NPGR025.html}},
	note = {Accessed: 2020-11-7}
}

@inproceedings{wilkie2002tone,
	title={Tone reproduction and physically based spectral rendering},
	author={Wilkie, Kate Devlin1 Alan Chalmers1 Alexander and Purgathofer, Werner},
	year={2002},
	organization={Eurographics}
}

@inproceedings{jakob2019low,
	title={A Low-Dimensional Function Space for Efficient Spectral Upsampling},
	author={Jakob, Wenzel and Hanika, Johannes},
	booktitle={Computer Graphics Forum},
	volume={38},
	number={2},
	pages={147--155},
	year={2019},
	organization={Wiley Online Library}
}

@inproceedings{peercy1993linear,
	title={Linear color representations for full speed spectral rendering},
	author={Peercy, Mark S},
	booktitle={Proceedings of the 20th annual conference on Computer graphics and interactive techniques},
	pages={191--198},
	year={1993}
}

@article{walter2007microfacet,
	title={Microfacet Models for Refraction through Rough Surfaces.},
	author={Walter, Bruce and Marschner, Stephen R and Li, Hongsong and Torrance, Kenneth E},
	journal={Rendering techniques},
	volume={2007},
	pages={18th},
	year={2007},
	publisher={Citeseer}
}

@article{cook1982reflectance,
	title={A reflectance model for computer graphics},
	author={Cook, Robert L and Torrance, Kenneth E.},
	journal={ACM Transactions on Graphics (ToG)},
	volume={1},
	number={1},
	pages={7--24},
	year={1982},
	publisher={ACM New York, NY, USA}
}

@inproceedings{oren1994generalization,
	title={Generalization of Lambert's reflectance model},
	author={Oren, Michael and Nayar, Shree K},
	booktitle={Proceedings of the 21st annual conference on Computer graphics and interactive techniques},
	pages={239--246},
	year={1994}
}

@inproceedings{Torrance1967TheoryFO,
	title={Theory for off-specular reflection from roughened surfaces},
	author={Kenneth E. Torrance and Ephraim M. Sparrow},
	year={1967}
}

@article{beckmann1987scattering,
	title={The scattering of electromagnetic waves from rough surfaces},
	author={Beckmann, Petr and Spizzichino, Andre},
	journal={ah},
	year={1987}
}

@misc{cambridgeDict,
	title = {Cambridge Dictionary},
	author={Cambridge},
	howpublished = {\url{https://dictionary.cambridge.org/us/dictionary/english/}},
	note = {Accessed: 2020-15-7}
}

@book{kliger2012polarized,
	title={Polarized light in optics and spectroscopy},
	author={Kliger, David S and Lewis, James W},
	year={2012},
	publisher={Elsevier}
}

@article{brewster1815laws,
	title={On the laws which regulate the polarisation of light by reflexion from transparent bodies},
	author={Brewster, David},
	journal={Philosophical Transactions of the Royal Society of London},
	volume={105},
	pages={125--159},
	year={1815},
	publisher={JSTOR}
}

@article{belcour2017practical,
	title={A practical extension to microfacet theory for the modeling of varying iridescence},
	author={Belcour, Laurent and Barla, Pascal},
	journal={ACM Transactions on Graphics (TOG)},
	volume={36},
	number={4},
	pages={1--14},
	year={2017},
	publisher={ACM New York, NY, USA}
}

@inproceedings{mojzik2018handling,
	title={Handling Fluorescence in a Uni-directional Spectral Path Tracer},
	author={Mojz{\'\i}k, Michal and Fichet, Alban and Wilkie, Alexander},
	booktitle={Computer Graphics Forum},
	volume={37},
	number={4},
	pages={77--94},
	year={2018},
	organization={Wiley Online Library}
}

@incollection{hullin2010acquisition,
	title={Acquisition and analysis of bispectral bidirectional reflectance and reradiation distribution functions},
	author={Hullin, Matthias B and Hanika, Johannes and Ajdin, Boris and Seidel, Hans-Peter and Kautz, Jan and Lensch, Hendrik PA},
	booktitle={ACM SIGGRAPH 2010 papers},
	pages={1--7},
	year={2010}
}

@misc{cieData,
	title = {CIE data},
	author={International Commission on Illumination},
	howpublished = {\url{https://law.resource.org/pub/us/cfr/ibr/003/cie.15.2004.tables.xls}},
	note = {Accessed: 2020-19-7}
}

@misc{jeriWeb,
	title = {JERI web},
	author = {{Disney Research}},
	howpublished = {\url{https://jeri.io/index.html}},
	note = {Accessed: 2020-19-7}
}

@misc{artWeb,
	title = {ART web},
	author={Computer Graphics Group of Charles University in Prague},
	howpublished = {\url{https://cgg.mff.cuni.cz/ART/}},
	note = {Accessed: 2020-20-7}
}

@misc{artDoc,
	title = {ART Documentation},
	author={Computer Graphics Group of Charles University in Prague},
	howpublished = {\url{https://cgg.mff.cuni.cz/ART/assets/ART_Handbook.pdf}},
	note = {Accessed: 2020-20-7}
}

@article{heitz2018sampling,
	title={Sampling the GGX distribution of visible normals},
	author={Heitz, Eric},
	journal={Journal of Computer Graphics Techniques Vol},
	volume={7},
	number={4},
	year={2018}
}

@article{mccamy1976color,
	title={A color-rendition chart},
	author={McCamy, Calvin S and Marcus, Harold and Davidson, James G and others},
	journal={J. App. Photog. Eng},
	volume={2},
	number={3},
	pages={95--99},
	year={1976}
}

@misc{cieIlluminants,
	title={COLORIMETRY â€“ PART 2: CIE STANDARD ILLUMINANTS},
	author={International Commission on Illumination in cooperation with Technical Committee ISO/TC 274},
	howpublished = {\url{http://cie.co.at/publications/colorimetry-part-2-cie-standard-illuminants}},
	year={2020}
}

@misc{usdDoc,
	title = {Universal Scene Description Documentation},
	author={{Pixar Animation Studios}},
	howpublished = {\url{https://graphics.pixar.com/usd/docs/index.html}},
	note = {Accessed: 2020-22-7}
}
